% Encoding: UTF-8

@Online{SCZYRBA2020,
  author  = {SCZYRBA, Dominic and POHLE, Colin and HAUSCHILD, Tim},
  date    = {2020},
  title   = {LaTeX Vorlage Staatliche Studienakademie Glauchau},
  url     = {https://github.com/DSczyrba/Vorlage-Latex},
  urldate = {2020-07-15},
}

@Online{LAMPORT,
  author  = {Leslie LAMPORT},
  title   = {The LaTeX Project},
  url     = {https://www.latex-project.org/},
  urldate = {2020-07-15},
}

@Online{HAWA,
  author   = {STAATLICHE-STUDIENAKADEMIE-GLAUCHAU},
  title    = {Hinweise zur Anfertigung wissenschaftlicher Arbeiten},
  url      = {https://www.ba-glauchau.de/fileadmin/glauchau/waehrend-des-studium/dokumente/pruefungen/4BA-F.207_Hinweise_zur_Anfertigung_wissenschaftlicher_Arbeiten.pdf},
  urldate  = {2020-06-12},
  keywords = {HAWA, arbeiten, vorlage, latex},
}

@Book{Markus2020,
  author = {Markus KOHM},
  date   = {2020},
  title  = {KOMA-Script},
}


